<collection xmlns="http://www.loc.gov/MARC21/slim">
<record>
  <leader>01079nam0a22002531i 450 </leader>
  <controlfield tag="001">IT\ICCU\CNCE\044390</controlfield>
  <controlfield tag="005">20170223000000.0</controlfield>
  <datafield tag="012" ind1=" " ind2=" ">
    <subfield code="a">++++ ++++ n-se sabi (3) 1600 (Q)</subfield>
    <subfield code="2">fei</subfield>
  </datafield>
  <datafield tag="100" ind1=" " ind2=" ">
    <subfield code="a">19990114f1600        0itac0103    ba</subfield>
  </datafield>
  <datafield tag="101" ind1=" " ind2=" ">
    <subfield code="a">SPA</subfield>
  </datafield>
  <datafield tag="102" ind1=" " ind2=" ">
    <subfield code="a">IT</subfield>
  </datafield>
  <datafield tag="200" ind1="1" ind2=" ">
    <subfield code="a">Primera parte del Iubileo del aǫ santo</subfield>
  </datafield>
  <datafield tag="210" ind1=" " ind2=" ">
    <subfield code="d">\1600!</subfield>
  </datafield>
  <datafield tag="215" ind1=" " ind2=" ">
    <subfield code="a">P. +120+</subfield>
    <subfield code="d">12ʻ</subfield>
  </datafield>
  <datafield tag="300" ind1=" " ind2=" ">
    <subfield code="a">Stampata a Roma da Antonio Facchetti, come si ricava dall&apos;analisi del materiale tipografico</subfield>
  </datafield>
  <datafield tag="620" ind1=" " ind2=" ">
    <subfield code="a">IT</subfield>
    <subfield code="d">Roma</subfield>
  </datafield>
  <datafield tag="700" ind1=" " ind2="1">
    <subfield code="a">Graciǹ de la Madre de Dios,</subfield>
    <subfield code="b">Jern̤imo</subfield>
    <subfield code="3">IT\ICCU\CNCA\006222</subfield>
  </datafield>
  <datafield tag="712" ind1="0" ind2="0">
    <subfield code="a">Facchetti, Antonio</subfield>
    <subfield code="3">IT\ICCU\CNCT\000967</subfield>
    <subfield code="4">650</subfield>
  </datafield>
  <datafield tag="790" ind1=" " ind2="1">
    <subfield code="a">Gratiano,</subfield>
    <subfield code="b">Girolamo</subfield>
    <subfield code="3">IT\ICCU\CNCA\006223</subfield>
    <subfield code="z">Graciǹ de la Madre de Dios, Jern̤imo</subfield>
  </datafield>
  <datafield tag="790" ind1=" " ind2="0">
    <subfield code="a">Girolamo</subfield>
    <subfield code="c"> : della#Madre di Dio</subfield>
    <subfield code="3">IT\ICCU\CNCA\006224</subfield>
    <subfield code="z">Graciǹ de la Madre de Dios, Jern̤imo</subfield>
  </datafield>
  <datafield tag="791" ind1="0" ind2="0">
    <subfield code="a">Facchettus, Antonius</subfield>
    <subfield code="3">IT\ICCU\CNCT\005066</subfield>
    <subfield code="z">Facchetti, Antonio</subfield>
  </datafield>
  <datafield tag="791" ind1="0" ind2="0">
    <subfield code="a">Faqueto, Antonio</subfield>
    <subfield code="3">IT\ICCU\CNCT\005068</subfield>
    <subfield code="z">Facchetti, Antonio</subfield>
  </datafield>
  <datafield tag="801" ind1=" " ind2="3">
    <subfield code="a">IT</subfield>
    <subfield code="b">ICCU</subfield>
    <subfield code="c">20201114</subfield>
  </datafield>
  <datafield tag="899" ind1=" " ind2=" ">
    <subfield code="a">Biblioteca nazionale centrale. Roma</subfield>
    <subfield code="z">MUTILO</subfield>
    <subfield code="1">RM0267</subfield>
    <subfield code="2">BVE CR</subfield>
  </datafield>
</record>
</collection>
